<?xml version="1.0" encoding="UTF-8"?><record xmlns="http://www.loc.gov/MARC21/slim" xmlns:cinclude="http://apache.org/cocoon/include/1.0" xmlns:zs="http://www.loc.gov/zing/srw/">
  <leader>00616cz  a2200169n  4500</leader>
  <controlfield tag="001">no2006100950</controlfield>
  <controlfield tag="003">DLC</controlfield>
  <controlfield tag="005">20090723075326.0</controlfield>
  <controlfield tag="008">060922n| acannaabn          |n aaa     c</controlfield>
  <datafield tag="010" ind1=" " ind2=" ">
    <subfield code="a">no2006100950</subfield>
  </datafield>
  <datafield tag="035" ind1=" " ind2=" ">
    <subfield code="a">(OCoLC)oca07059302</subfield>
  </datafield>
  <datafield tag="035" ind1=" " ind2=" ">
    <subfield code="a">(Uk)006602767</subfield>
  </datafield>
  <datafield tag="040" ind1=" " ind2=" ">
    <subfield code="a">OrPS</subfield>
    <subfield code="b">eng</subfield>
    <subfield code="c">OrPS</subfield>
    <subfield code="d">Uk</subfield>
  </datafield>
  <datafield tag="100" ind1="1" ind2=" ">
    <subfield code="a">Oliveira Gomes, Claudia de</subfield>
  </datafield>
  <datafield tag="670" ind1=" " ind2=" ">
    <subfield code="a">Réussir la dissertation de Français, 2004 :</subfield>
    <subfield code="b">t.p. (Claudia de Oliveira-Gomes)</subfield>
  </datafield>
  <datafield tag="670" ind1=" " ind2=" ">
    <subfield code="a">La cité tyrannique, [2007]:</subfield>
    <subfield code="b">(hdg.: Oliveira Gomes, Claudia de, 1969-)</subfield>
  </datafield>
  <datafield tag="670" ind1=" " ind2=" ">
    <subfield code="a">OCLC, Sept. 22, 2006</subfield>
    <subfield code="b">(hdg.: Oliveira Gomes, Claudia de; usage: Claudia de Oliveira-Gomes)</subfield>
  </datafield>
</record>